=LDR  00612cam a2200241   4500
=001  5254678
=005  20110323160652.0
=008  720204s1965\\\\nyu\\\\\\\\\\\000\0\eng\d
=035  \\$a(OCoLC)ocn687137789
=035  \\$9PAE6361YL
=035  \\$a5254678
=040  \\$aHEI$cHEI$dYUS
=049  \\$aYUSC
=079  \\$aocm00234121
=090  \\$aPS1306$b.A1 1965
=100  1\$aTwain, Mark,$d1835-1910.
=245  14$aThe adventures of Tom Sawyer.
=260  \\$aNew York,$bHarper & Row$c[1965]
=300  \\$ax, 212 p.$c22 cm.
=504  \\$aBibliography: p. 211-212.
=927  \\$a9409R 
=928  \\$aAC031197
=948  \\$aOCLC Recon

