=LDR  00851cjm a2200253Ia 4500
=001  10450364
=005  20120904091310.0
=007  sd\bsmenn|||||
=008  840514s195u\\\\pausynn\\ehi\\\\\\n\zxx\d
=035  \\$a(OCoLC)ocm10728584
=040  \\$aIXA$cIXA$dOCLCQ$dOCLCG$dCtY
=028  01$aCC 202$bSomerset
=045  \\$bd1824
=048  \\$aoa
=100  1\$aBeethoven, Ludwig van,$d1770-1827.
=240  10$aSymphonies,$nno. 9, op. 125,$rD minor
=245  10$aNinth symphony$h[sound recording] /$cBeethoven.
=260  \\$aMedia, Pa. :$bSomerset,$c[195-?]
=300  \\$a2 sound discs :$b33 1/3 rpm, stereo. ;$c12 in.
=511  0\$aNord Deutches Symphony Orchestra, Wilhelm Schuechter, conductor.
=500  \\$aProgram notes inserted in container.
=650  \0$aSymphonies.
=700  1\$aSchüchter, Wilhelm.
=710  2\$aNorddeutscher Rundfunk.$bSinfonie-Orchester.

